@statistic{global_buyers_2017,
  url = {https://www.statista.com/statistics/251666/number-of-digital-buyers-worldwide/},
  title = {Number of digital buyers worldwide from 2014 to 2021 (in billions)},
  author = {J. Clement},
  year = {Nov 29, 2018}
}

@statistic{global_frequency_2018,
  url = {https://www.statista.com/statistics/664770/online-shopping-frequency-worldwide/},
  title = {Online shopping frequency according to online shoppers worldwide as of October 2018},
  author = {J. Clement},
  date = {Feb 20, 2019}
}

@statistic{global_revenue_2017,
  url = {https://www.shopify.com/enterprise/global-ecommerce-statistics},
  title = {Global Ecommerce Statistics and Trends to Launch Your Business Beyond Borders},
  subtitle = {Global Ecommerce Definition and Market Size},
  author = {Aaron Orendorff},
  date = {Feb 14, 2019}
}

@statistic{adblock_stats,
  url = {https://www.statista.com/topics/3201/ad-blocking/},
  title = {Statistics and Facts about Ad blocking},
  author = {A. Guttmann},
  date = {Aug 23, 2018}
}

@book{resftul_web_services,
  title = {RESTful Web Services},
  author = {Leonard Richardson, Sam Ruby},
  edition = {First},
  isbn = {978-0-596-52926-0},
  publisher = {O'Reilly Media},
  year = {2007},
  date = {May 18, 2007}
}

@book{learning_scrapy,
  title = {Learning Scrapy},
  author = {Dimitrios Kouzis-Loukas},
  edition = {First},
  isbn = {978-1-78439-978-7},
  publisher = {Packt Publishing},
  year = {2016},
  date = {January 30, 2016}
}

@book{creating_google_chrome_extensions,
  title = {Creating Google Chrome Extensions},
  author = {Prateek Mehta},
  edition = {First},
  isbn = {978-1-4842-1774-0},
  publisher = {Apress},
  year = {2016},
  date = {June 11, 2016}
}

@dissertarion{fielding_rest_definition,
  url = {https://www.ics.uci.edu/~fielding/pubs/dissertation/rest\_arch\_style.htm},
  title = {Architectural Styles and the Design of Network-based Software Architectures},
  chapter = {5},
  author = {Roy Thomas Fielding},
  year = {2000}
}

@docs{scrapy_docs,
  url = {https://doc.scrapy.org/en/latest/index.html},
  title = {Scrapy 1.6 documentation}
}

@misc{historical_net_speeds,
  url = {https://en.wikipedia.org/wiki/Bit\_rate}
}

@image{global_revenue_2017_image,
  url = {https://cdn.shopify.com/s/files/1/0898/4708/files/Retail\_ecommerce\_sales\_worldwide.png},
  title = {Retail ecommerce sales worldwide}
}